@inproceedings{BMS+06,
 author = {Bojanczyk, M. and Muscholl, A. and Schwentick, T. and Segoufin, L. and David, C.},
 title = {Two-Variable Logic on Words with Data},
 booktitle = {LICS},
 year = {2006},
 pages = {7--16},
 }



@book {algebra,
	AUTHOR = {Thomas W. Hungerford},
	TITLE = {Algebra},
	SERIES = {Graduate Texts in Mathematics},
	VOLUME = {73},
	PUBLISHER = {Springer-Verlag},
	YEAR = {2003}
	
}

@article{VHL+12,
	title={Symbolic finite state transducers: Algorithms and applications},
	author={Veanes, Margus and Hooimeijer, Pieter and Livshits, Benjamin and Molnar, David and Bjorner, Nikolaj},
	journal={ACM SIGPLAN Notices},
	volume={47},
	number={1},
	pages={137--150},
	year={2012},
	publisher={ACM}
}

@article{BDM+11,
  author    = {M. Bojanczyk and
               C. David and
               A. Muscholl and
               T. Schwentick and
               L. Segoufin},
  title     = {Two-variable logic on data words},
  journal   = {ACM Trans. Comput. Log.},
  volume    = {12},
  number    = {4},
  year      = {2011},
}

@article{BMSS09,
 author = {Boja\'{n}czyk, M. and Muscholl, A. and Schwentick, T. and Segoufin, L.},
 title = {Two-variable logic on data trees and {XML} reasoning},
 journal = {J. ACM},
 volume = {56},
 number = {3},
 year = {2009},
 pages = {1--48},
 }

@inproceedings{BL10,
 author = {Boja\'{n}czyk, M. and Lasota, S.},
 title = {An extension of data automata that captures {XPath}},
 booktitle = {LICS},
 year = {2010},
 note ={to appear}
 }

@article{ACW12,
 author = {Alur, R. and Cerny, P. and Weinstein, S.},
 title = {Algorithmic Analysis of Array-accessing Programs},
 journal = {ACM Trans. Comput. Logic},
 volume = {13},
 number = {3},
 year = {2012},
 pages = {27:1--27:29},
 articleno = {27},
}

@inproceedings{SZ10,
  author    = {T. Schwentick and T. Zeume},
  title     = {Two-variable logic with two order relations},
  booktitle = {CSL},
  year      = {2010},
 }

@inproceedings{Man10,
  author    = {A. Manuel},
  title     = {Two variables and two successors},
  booktitle = {MFCS},
  year      = {2010},
 }


@article{CG09,
  author    = {C. Choffrut and
               S. Grigorieff},
  title     = {Finite n-tape automata over possibly infinite alphabets:
               {Extending} a theorem of {Eilenberg} et al},
  journal   = {Theor. Comput. Sci.},
  volume    = {410},
  number    = {1},
  year      = {2009},
  pages     = {16-34},
}

@article{CG09a,
  author    = {C. Choffrut and
               S. Grigorieff},
  title     = {The "equal last letter" predicate for words on infinite
               alphabets and classes of multitape automata},
  journal   = {Theor. Comput. Sci.},
  volume    = {410},
  number    = {30-32},
  year      = {2009},
  pages     = {2870-2884},
}

@phdthesis{Rei05,
  author    = {K. Reinhardt},
  title     = {Counting as Method, Model and Task in Theoretical Computer
Science},
school ={Universit\"{a}t T\"{u}bingen},
type ={Habitation thesis},
year = {2005}
}

@inproceedings{Seg06,
  author    = {L. Segoufin},
  title     = {Automata and Logics for Words and Trees over an Infinite
               Alphabet},
  booktitle = {CSL, LNCS 4207},
  year      = {2006},
 }


@inproceedings{BB07,
    author = {H. Bj\"{o}rklund and M. Bojanczyk},
    title = {Bounded depth data trees},
    booktitle = {ICALP},
    year = {2007},
}

@article{KF94,
 author = {Kaminski, M. and Francez, N.},
 title = {Finite-memory automata},
 journal = {Theor. Comput. Sci.},
 volume = {134},
 number = {2},
 year = {1994},
 pages = {329--363},
 numpages = {35},
}

@article{JL11,
  author    = {M. Jurdzinski and
               R. Lazic},
  title     = {Alternating automata on data trees and XPath satisfiability},
  journal   = {ACM Trans. Comput. Log.},
  volume    = {12},
  number    = {3},
  year      = {2011},
  pages     = {19},
}


@article{HWZ00,
  author    = {I. M. Hodkinson and
               F. Wolter and
               M. Zakharyaschev},
  title     = {Decidable fragment of first-order temporal logics},
  journal   = {Ann. Pure Appl. Logic},
  volume    = {106},
  number    = {1-3},
  year      = {2000},
  pages     = {85-134},
}

@inproceedings{HWZ02,
  author    = {I. M. Hodkinson and
               F. Wolter and
               M. Zakharyaschev},
  title     = {Decidable and Undecidable Fragments of First-Order Branching
               Temporal Logics},
  booktitle = {LICS},
  year      = {2002},
}

@article{DL09,
 author = {Demri, S. and Lazi\'{c}, R.},
 title = {{LTL} with the freeze quantifier and register automata},
 journal = {ACM Trans. Comput. Logic},
 volume = {10},
 number = {3},
 year = {2009},
 pages = {16:1--16:30},
}

@inproceedings{BP08,
 author = {Boja\'{n}czyk, M. and Parys, P.},
 title = {XPath evaluation in linear time},
 booktitle = {PODS},
 year = {2008},
}

@inproceedings{Par09,
 author = {Parys, P.},
 title = {XPath evaluation in linear time with polynomial combined complexity},
 booktitle = {PODS},
 year = {2009},
}

@article{NSV04,
 author = {Neven, F. and Schwentick, T. and Vianu, V.},
 title = {Finite state machines for strings over infinite alphabets},
 journal = {ACM Trans. Comput. Logic},
 issue_date = {July 2004},
 volume = {5},
 number = {3},
 year = {2004},
 pages = {403--435},
}

@inproceedings{Fig09,
  author    = {D. Figueira},
  title     = {Satisfiability of downward XPath with data equality tests},
  booktitle = {PODS},
  year      = {2009},
}

@inproceedings{Fig10,
  author    = {D. Figueira},
  title     = {Forward-XPath and extended register automata on data-trees},
  booktitle = {ICDT},
  year      = {2010},
}

@article{MR11,
  author    = {A. Manuel and
               R. Ramanujam},
  title     = {Class Counting Automata on Datawords},
  journal   = {Int. J. Found. Comput. Sci.},
  volume    = {22},
  number    = {4},
  year      = {2011},
  pages     = {863-882},
}

@inproceedings{Wu11,
  author    = {Z. Wu},
  title     = {A Decidable Extension of Data Automata},
  booktitle = {GandALF},
  year      = {2011},
  pages     = {116-130},
}

@article{BS10,
 author = {Bj\"{o}rklund, H. and Schwentick, T.},
 title = {On notions of regularity for data languages},
 journal = {Theor. Comput. Sci.},
 volume = {411},
 number = {4-5},
 year = {2010},
 pages = {702--715},
 numpages = {14},
}

@inproceedings{LV12b,
 author = {Libkin, L. and Vrgo\v{c}, D.},
 title = {Regular expressions for data words},
 booktitle = {LPAR},
 year = {2012},
}

@inproceedings{KZ08,
  author    = {M. Kaminski and
               D. Zeitlin},
  title     = {Extending finite-memory automata with non-deterministic
               reassignment (Extended abstract)},
  booktitle = {AFL},
  year      = {2008},
}

@inproceedings{LV12a,
 author = {Libkin, L. and Vrgo\v{c}, D.},
 title = {Regular path queries on graphs with data},
 booktitle = {ICDT},
 year = {2012},
}

@inproceedings{CGLV00,
  author    = {D. Calvanese and
               G. De Giacomo and
               M. Lenzerini and
               M. Y. Vardi},
  title     = {Containment of Conjunctive Regular Path Queries with Inverse},
  booktitle = {KR},
  year      = {2000},
}

@inproceedings{Var98,
 author = {Vardi, M. Y.},
 title = {Reasoning about The Past with Two-Way Automata},
 booktitle = {ICALP},
 year = {1998},
}

@inproceedings{MGW11,
  author    = {M. San Mart\'{\i}n and
               C. Gutierrez and
               P. T. Wood},
  title     = {{SNQL}: A Social Networks Query and Transformation Language},
  booktitle = {AMW},
  year      = {2011},
}

@article{Wood12,
 author = {Wood, P. T.},
 title = {Query Languages for Graph Databases},
 journal = {SIGMOD Rec.},
 volume = {41},
 number = {1},
 year = {2012},
 pages = {50--60},
 numpages = {11},
}

@inproceedings{Bar13,
  author    = {P. Barcel{\'o}},
  title     = {Querying graph databases},
  booktitle = {PODS},
  year      = {2013},
}

@article{AG08,
 author = {Angles, R. and Gutierrez, C.},
 title = {Survey of Graph Database Models},
 journal = {ACM Comput. Surv.},
 volume = {40},
 number = {1},
 year = {2008},
 pages = {1:1--1:39},
}

@article{CMW87,
 author = {Cruz, I. F. and Mendelzon, A. O. and Wood, P. T.},
 title = {A Graphical Query Language Supporting Recursion},
 journal = {SIGMOD Rec.},
 volume = {16},
 number = {3},
 year = {1987},
 pages = {323--330},
}

@inproceedings{FLS98,
 author = {Florescu, D. and Levy, A. and Suciu, D.},
 title = {Query Containment for Conjunctive Queries with Regular Expressions},
 booktitle = {PODS},
 year = {1998},
}

@inproceedings{DT01,
 author = {Deutsch, A. and Tannen, V.},
 title = {Optimization Properties for Classes of Conjunctive Regular Path Queries},
 booktitle = {DBPL},
 year = {2002},
}

@inproceedings{BHLW10,
 author = {Barcelo, P. and Hurtado, C. and Libkin, L. and Wood, P.},
 title = {Expressive Languages for Path Queries over Graph-structured Data},
 booktitle = {PODS},
 year = {2010},
}

@article{PAG10,
 author = {P{\'e}rez, J. and Arenas, M. and Gutierrez, C.},
 title = {n{SPARQL}: A Navigational Language for RDF},
journal = {Web Semant.},
 volume = {8},
 number = {4},
 year = {2010},
 pages = {255--270},
}

@inproceedings{BPR12,
  author    = {P. Barcel{\'o} and
               J. P{\'e}rez and
               J. L. Reutter},
  title     = {Relative Expressiveness of Nested Regular Expressions},
  booktitle = {AMW},
  year      = {2012},
}


@inproceedings{BFL12,
  author    = {P. Barcel{\'o} and
               D. Figueira and
               L. Libkin},
  title     = {Graph Logics with Rational Relations and the Generalized
               Intersection Problem},
  booktitle = {LICS},
  year      = {2012},
}

@article{AFH99,
 author = {Alur, R. and Fix, L. and Henzinger, T. A.},
 title = {Event-clock Automata: A Determinizable Class of Timed Automata},
 journal = {Theor. Comput. Sci.},
 volume = {211},
 number = {1-2},
 year = {1999},
 pages = {253--273},
}


@inproceedings{KRV14,
 author = {Kostylev, E. V. and Reutter, J. L. and Vrgo\v{c}, D.},
 title = {Regular path queries on graphs with data},
 booktitle = {ICDT},
 year = {2014},
}

@inproceedings{LMV13,
 author = {Libkin, L. and Martens, W. and Vrgo\v{c}, D.},
 title = {Querying Graph Databases with XPath},
 booktitle = {ICDT},
 year = {2013},
}

@inproceedings{LRV13,
 author = {Libkin, L. and Reutter, J. and Vrgo\v{c}, D.},
 title = {Trial for RDF: Adapting Graph Query Languages for RDF Data},
 booktitle = {PODS},
 year = {2013},
}

@inproceedings{BLP10,
  author    = {M. Benedikt and
               C. Ley and
               G. Puppis},
  title     = {Automata vs. Logics on Data Words},
  booktitle = {CSL},
  year      = {2010},
}

@article{She59,
 author = {Shepherdson, J. C.},
 title = {The Reduction of Two-way Automata to One-way Automata},
 journal = {IBM J. Res. Dev.},
 volume = {3},
 number = {2},
 year = {1959},
 pages = {198--200},
}

@inproceedings{GKS12,
 author = {Grumberg, O. and Kupferman, O. and Sheinvald, S.},
 title = {Model Checking Systems and Specifications with Parameterized Atomic Propositions},
 booktitle = {ATVA'12, LNCS 7561},
 year = {2012},
}
@MISC{GKS14,
  author =       {Grumberg, O. and Kupferman, O. and Sheinvald, S.},
  title =        {Personal Communication},
  year =         {2014},
  month =        {June},
}

@inproceedings{DDHV11,
  author    = {E. Damaggio and
               A. Deutsch and
               R. Hull and
               V. Vianu},
  title     = {Automatic Verification of Data-Centric Business Processes},
  booktitle = {BPM},
  year      = {2011},
}

@article{CGL94,
  author    = {E. M. Clarke and
               O. Grumberg and
               D. E. Long},
  title     = {Model Checking and Abstraction},
  journal   = {ACM Trans. Program. Lang. Syst.},
  volume    = {16},
  number    = {5},
  year      = {1994},
  pages     = {1512-1542}
}

@inproceedings{DF95,
  author    = {J. Dingel and
               T. Filkorn},
  title     = {Model Checking for Infinite State Systems Using Data Abstraction,
               Assumption-Commitment Style reasoning and Theorem Proving},
  booktitle = {CAV},
  year      = {1995},
}

@article{GS92,
  author    = {Steven M. German and
               A. Prasad Sistla},
  title     = {Reasoning about Systems with Many Processes},
  journal   = {J. ACM},
  volume    = {39},
  number    = {3},
  year      = {1992},
  pages     = {675-735}
}
@inproceedings{ES90,
  author    = {E. A. Emerson and
               J. Srinivasan},
  title     = {A Decidable Temporal Logic to Reason About Many Processes},
  booktitle = {PODC},
  year      = {1990},
}

@inproceedings{CT98,
  author    = {J. Chomicki and
               D. Toman},
  title     = {Temporal Logic in Information Systems},
  booktitle = {Logics for Databases and Information Systems},
  year      = {1998},
}

@article{CGB89,
  author    = {M. C. Browne and
               E. M. Clarke and
               O. Grumberg},
  title     = {Reasoning about Networks with Many Identical Finite State
               Processes},
  journal   = {Inf. Comput.},
  volume    = {81},
  number    = {1},
  year      = {1989},
  pages     = {13-31}
}

@article{DD07,
  author    = {S. Demri and
               D. D'Souza},
  title     = {An automata-theoretic approach to constraint {LTL}},
  journal   = {Inf. Comput.},
  volume    = {205},
  number    = {3},
  year      = {2007},
  pages     = {380-415} 
}


@inproceedings{DFK07,
  author    = {C. Dixon and
               M. Fisher and
               B. Konev},
  title     = {Tractable Temporal Reasoning},
  booktitle = {IJCAI},
  year      = {2007},
}

@article{DFKL07,
  author    = {C. Dixon and
               M. Fisher and
               B. Konev and
               A. Lisitsa},
  title     = {Efficient First-Order Temporal Logic for Infinite-State
               Systems},
  journal   = {CoRR},
  year      = {2007}
}
@inproceedings{BDGHL98,
  author    = {J. Bohn and
               W. Damm and
               O. Grumberg and
               H. Hungar and
               K. Laster},
  title     = {First-Order-{CTL} Model Checking},
  booktitle = {FSTTCS},
  year      = {1998},
}


@inproceedings{EK00,
  author    = {E. A. Emerson and
               V. Kahlon},
  title     = {Reducing Model Checking of the Many to the Few},
  booktitle = {CADE},
  year      = {2000},
}

@inproceedings{GKS13,
  author    = {O. Grumberg and
               O. Kupferman and
               S. Sheinvald},
  title     = {An Automata-Theoretic Approach to Reasoning about Parameterized Systems and Specifications},
  booktitle = {ATVA'13},
  year      = {2013}
}



@inproceedings{Via09,
  author    = {V. Vianu},
  title     = {Automatic verification of database-driven systems: a new frontier},
  booktitle = {ICDT},
  year      = {2009} 
}

@incollection{Thom90,
 author = {Thomas, W.},
 title = {Automata on Infinite Objects},
 booktitle = {Handbook of Theoretical Computer Science (Vol. B)},
 editor = {van Leeuwen, Jan},
 year = {1990},
 pages = {133--191},
}

@article{Fig12a,
  author    = {D. Figueira},
  title     = {Alternating register automata on finite words and trees},
  journal   = {Logical Methods in Computer Science},
  volume    = {8},
  number    = {1},
  year      = {2012},
}


@inproceedings{ST13,
  author    = {F. Song and
               T. Touili},
  title     = {Model-Checking Software Library {API} Usage Rules},
  booktitle = {IFM 2013, LNCS 7940},
  year      = {2013},
}

@inproceedings{Kup14,
  author    = {O. Kupferman},
  title     = {Variations on Safety},
  booktitle = {TACAS},
  year      = {2014},
}



@Misc{tata2007,
  author = {H. Comon and M. Dauchet and R. Gilleron and  C. L\"oding
and F. Jacquemard
and D. Lugiez and S. Tison and M. Tommasi},
  title =	 {Tree Automata Techniques and Applications},
  howpublished = {Available on: \url{http://www.grappa.univ-lille3.fr/tata}},
  year =	 2007
}

@article{KVW00,
 author = {Kupferman, O. and Vardi, M. Y. and Wolper, P.},
 title = {An Automata-theoretic Approach to Branching-time Model Checking},
 journal = {J. ACM},
 volume = {47},
 number = {2},
 year = {2000},
 issn = {0004-5411},
 pages = {312--360},
 numpages = {49},
} 

@article{HKM06,
 author = {Henzinger, T. A. and Kupferman, O. and Majumdar, R.},
 title = {On the Universal and Existential Fragments of the mu-calculus},
 journal = {Theor. Comput. Sci.},
 volume = {354},
 number = {2},
 year = {2006},
 pages = {173--186},
} 

@inproceedings{Vardi96,
 author = {Vardi, M. Y.},
 title = {An Automata-theoretic Approach to Linear Temporal Logic},
 booktitle = {Conference on Logics for Concurrency : Structure Versus Automata},
 year = {1996},
 pages = {238--266},
} 

@inproceedings{DFP13,
  author    = {S. Demri and
               D. Figueira and
               M. Praveen},
  title     = {Reasoning about Data Repetitions with Counter Systems},
  booktitle = {LICS},
  year      = {2013},
}

@inproceedings{KSZ10,
  author    = {A. Kara and
               T. Schwentick and
               T. Zeume},
  title     = {Temporal Logics on Words with Multiple Data Values},
  booktitle = {FSTTCS},
  year      = {2010},
}

@article{DHLT14,
  author    = {N. Decker and
               P. Habermehl and
               M. Leucker and
               D. Thoma},
  title     = {Ordered Navigation on Multi-attributed Data Words},
  journal   = {CoRR},
  volume    = {abs/1404.6064},
  year      = {2014},
}

@article{EN03,
  author    = {E. A. Emerson and
               K. S. Namjoshi},
  title     = {On Reasoning About Rings},
  journal   = {Int. J. Found. Comput. Sci.},
  volume    = {14},
  number    = {4},
  year      = {2003},
  pages     = {527-550},
}

@article{ST14,
  author    = {Fu Song and
               Tayssir Touili},
  title     = {Pushdown model checking for malware detection},
  journal   = {STTT},
  volume    = {16},
  number    = {2},
  year      = {2014},
  pages     = {147-173},
}

@inproceedings{ST13a,
  author    = {Fu Song and
               Tayssir Touili},
  title     = {{LTL} Model-Checking for Malware Detection},
  booktitle = {TACAS},
  year      = {2013},
}

@inproceedings{ST13b,
  author    = {Fu Song and
               Tayssir Touili},
  title     = {Model-Checking Software Library API Usage Rules},
  booktitle = {IFM},
  year      = {2013},
}

@article{Fig12b,
  author    = {Diego Figueira},
  title     = {Decidability of Downward XPath},
  journal   = {ACM Trans. Comput. Log.},
  volume    = {13},
  number    = {4},
  year      = {2012},
  pages     = {34},
}

@inproceedings{MFP91,
 author = {Meijer, Erik and Fokkinga, Maarten and Paterson, Ross},
 title = {Functional Programming with Bananas, Lenses, Envelopes and Barbed Wire},
 booktitle = {Proceedings of the 5th ACM Conference on Functional Programming Languages and Computer Architecture},
 year = {1991},
 pages = {124--144},
 numpages = {21},
 publisher = {Springer-Verlag New York, Inc.},
}

@inproceedings{SDK10,
 author = {Suter, Philippe and Dotta, Mirco and Kuncak, Viktor},
 title = {Decision Procedures for Algebraic Data Types with Abstractions},
 booktitle = {Proceedings of the 37th Annual ACM SIGPLAN-SIGACT Symposium on Principles of Programming Languages},
 year = {2010},
 pages = {199--210},
 publisher = {ACM},
} 

@article{HIV10,
 author = {Habermehl, Peter and Iosif, Radu and Vojnar, Tomas},
 title = {Automata-based Verification of Programs with Tree Updates},
 journal = {Acta Inf.},
 volume = {47},
 number = {1},
 year = {2010},
 pages = {1--31},
 numpages = {31},
 publisher = {Springer-Verlag New York, Inc.},
} 

@inproceedings{AHJLTV13,
  author = {Abdulla, Parosh Aziz and Holík, Lukás and Jonsson, Bengt and Lengál, Ondrej and Trinh, Cong Quy and Vojnar, Tomás},
  booktitle = {ATVA},
  pages = {224-239},
  publisher = {Springer},
  series = {Lecture Notes in Computer Science},
  title = {Verification of Heap Manipulating Programs with Ordered Data by Extended Forest Automata.},
  volume = 8172,
  year = 2013
}

@Inproceedings {Vea13,
author       = {Margus Veanes},
booktitle    = {CIAA'13},
pages        = {16-23},
publisher    = {Springer},
series       = {LNCS},
title        = {Applications of Symbolic Finite Automata},
volume       = {7982},
year         = {2013},
}

@Article {VB15,
author       = {Margus Veanes and Nikolaj Bj{\o}rner},
journal      = {Information Processing Letters},
month        = {March},
number       = {3},
pages        = {418-424},
publisher    = {Elsevier},
title        = {Symbolic Tree Automata},
volume       = {115},
year         = {2015},
}

@article{DJLL13,
  author    = {St{\'{e}}phane Demri and
               Marcin Jurdzinski and
               Oded Lachish and
               Ranko Lazic},
  title     = {The covering and boundedness problems for branching vector addition
               systems},
  journal   = {J. Comput. Syst. Sci.},
  volume    = {79},
  number    = {1},
  pages     = {23--38},
  year      = {2013},
}

@inproceedings{RP11,
 author = {Alur, Rajeev and Cerny, Pavol},
 title = {Streaming Transducers for Algorithmic Verification of Single-pass List-processing Programs},
 booktitle = {POPL},
 year = {2011},
 pages = {599--610},
 publisher = {ACM},
}

@inproceedings{ADD+13,
author = {Rajeev Alur and Loris DAntoni and Jyotirmoy Deshmukh and Mukund Raghothaman and Yifei Yuan},
title = {Regular Functions and Cost Register Automata},
booktitle ={LICS},
year = {2013},
pages = {13-22},
}

@inproceedings{CHSW15,
  author    = {Yu{-}Fang Chen and
               Chih{-}Duo Hong and
               Nishant Sinha and
               Bow{-}Yaw Wang},
  title     = {Commutativity of Reducers},
  booktitle = {{TACAS}},
  pages     = {131--146},
  year      = {2015},
}

@inproceedings{XZZ+14,
  author    = {Tian Xiao and
               Jiaxing Zhang and
               Hucheng Zhou and
               Zhenyu Guo and
               Sean McDirmid and
               Wei Lin and
               Wenguang Chen and
               Lidong Zhou},
  title     = {Nondeterminism in MapReduce considered harmful? an empirical study
               on non-commutative aggregators in MapReduce programs},
  booktitle = {{ICSE}},
  pages     = {44--53},
  year      = {2014},
}

@misc{Hadoop,
	title = {Hadoop},
	author = {},
	howpublished = {\url{https://hadoop.apache.org}},
	key = {hadoop}
}


@misc{Spark,
	title = {Spark},
	author = {},
	howpublished = {\url{http://spark.apache.org}},
	key = {spark}
}

@inproceedings{HH14,
  author    = {Christoph Haase and
               Simon Halfon},
  title     = {Integer Vector Addition Systems with States},
  booktitle = {{RP}},
  pages     = {112--124},
  year      = {2014},
}


@inproceedings{LS06,
  author    = {J{\'{e}}r{\^{o}}me Leroux and
               Gr{\'{e}}goire Sutre},
  title     = {Flat counter automata almost everywhere!},
  booktitle = {Software Verification: Infinite-State Model Checking and Static Program
               Analysis},
  series    = {Dagstuhl Seminar Proceedings},
  volume    = {06081},
  year      = {2006},
}

@inproceedings{FGH13,
  author    = {Alain Finkel and
               Stefan G{\"{o}}ller and
               Christoph Haase},
  title     = {Reachability in Register Machines with Polynomial Updates},
  booktitle = { {MFCS}},
  pages     = {409--420},
  year      = {2013},
}

@inproceedings{CJ98,
  author    = {Hubert Comon and
               Yan Jurski},
  title     = {Multiple Counters Automata, Safety Analysis and Presburger Arithmetic},
  booktitle = {{CAV}},
  pages     = {268--279},
  year      = {1998},
}

@article{Iba78,
 author = {Ibarra, Oscar H.},
 title = {Reversal-Bounded Multicounter Machines and Their Decision Problems},
 journal = {J. ACM},
 issue_date = {Jan. 1978},
 volume = {25},
 number = {1},
 month = jan,
 year = {1978},
 pages = {116--133},
} 


@book {Min71,
	AUTHOR = {M. L. Minsky},
	TITLE = { Computation: Finite and Infinite Machines},
	PUBLISHER = {Prentice-Hall},
	YEAR = {1971}
	
}

@article{Rei08,
title = "Reachability in Petri Nets with Inhibitor Arcs ",
journal = "Electronic Notes in Theoretical Computer Science ",
volume = "223",
number = "",
pages = "239 - 264",
note = "RP 2008",
author = "Klaus Reinhardt",
year = "2008",
}

@article{full-version,
	author    = {Yu{-}Fang Chen and
	Song Lei and
	Zhilin Wu},
	title     = {The Commutativity Problem of the MapReduce Framework: A Transducer-based Approach},
	journal   = {CoRR},
	volume    = {abs/1605.01497},
	year      = {2016},
	url       = {http://arxiv.org/abs/1605.01497}
}

@inproceedings{NSS+15,
  author    = {Frank Neven and
               Nicole Schweikardt and
               Fr{\'{e}}d{\'{e}}ric Servais and
               Tony Tan},
  title     = {Distributed Streaming with Finite Memory},
  booktitle = {{ICDT}},
  pages     = {324--341},
  year      = {2015},
}
